%YAML 1.1
%TAG !u! tag:unity3d.com,2011:
--- !u!1001 &100100000
Prefab:
  m_ObjectHideFlags: 1
  serializedVersion: 2
  m_Modification:
    m_TransformParent: {fileID: 0}
    m_Modifications: []
    m_RemovedComponents: []
  m_ParentPrefab: {fileID: 0}
  m_RootGameObject: {fileID: 1494076043061386}
  m_IsPrefabParent: 1
--- !u!1 &1017584961614558
GameObject:
  m_ObjectHideFlags: 1
  m_PrefabParentObject: {fileID: 0}
  m_PrefabInternal: {fileID: 100100000}
  serializedVersion: 5
  m_Component:
  - component: {fileID: 4868052517827670}
  m_Layer: 0
  m_Name: jump start pos
  m_TagString: Untagged
  m_Icon: {fileID: 0}
  m_NavMeshLayer: 0
  m_StaticEditorFlags: 0
  m_IsActive: 1
--- !u!1 &1059016888687400
GameObject:
  m_ObjectHideFlags: 0
  m_PrefabParentObject: {fileID: 0}
  m_PrefabInternal: {fileID: 100100000}
  serializedVersion: 5
  m_Component:
  - component: {fileID: 4081107438490572}
  - component: {fileID: 33422661510413788}
  - component: {fileID: 23847340944164958}
  - component: {fileID: 64408803836432968}
  m_Layer: 9
  m_Name: Ramp
  m_TagString: Untagged
  m_Icon: {fileID: 0}
  m_NavMeshLayer: 0
  m_StaticEditorFlags: 0
  m_IsActive: 0
--- !u!1 &1346782090803874
GameObject:
  m_ObjectHideFlags: 0
  m_PrefabParentObject: {fileID: 0}
  m_PrefabInternal: {fileID: 100100000}
  serializedVersion: 5
  m_Component:
  - component: {fileID: 4291134886605972}
  - component: {fileID: 65816250649044412}
  - component: {fileID: 114864985216408570}
  - component: {fileID: 82216125880898950}
  m_Layer: 0
  m_Name: TriggerBox
  m_TagString: Untagged
  m_Icon: {fileID: 0}
  m_NavMeshLayer: 0
  m_StaticEditorFlags: 0
  m_IsActive: 1
--- !u!1 &1494076043061386
GameObject:
  m_ObjectHideFlags: 0
  m_PrefabParentObject: {fileID: 0}
  m_PrefabInternal: {fileID: 100100000}
  serializedVersion: 5
  m_Component:
  - component: {fileID: 4602294689386806}
  - component: {fileID: 114408250254015856}
  - component: {fileID: 114413431410117522}
  - component: {fileID: 114182829140723468}
  m_Layer: 0
  m_Name: JumpTrampoline Narrow
  m_TagString: Untagged
  m_Icon: {fileID: 0}
  m_NavMeshLayer: 0
  m_StaticEditorFlags: 0
  m_IsActive: 1
--- !u!1 &1523406523557688
GameObject:
  m_ObjectHideFlags: 0
  m_PrefabParentObject: {fileID: 0}
  m_PrefabInternal: {fileID: 100100000}
  serializedVersion: 5
  m_Component:
  - component: {fileID: 4522014687744042}
  - component: {fileID: 65422358717965048}
  - component: {fileID: 114241748211549380}
  - component: {fileID: 82805807476133990}
  m_Layer: 0
  m_Name: TriggerBox (1)
  m_TagString: Untagged
  m_Icon: {fileID: 0}
  m_NavMeshLayer: 0
  m_StaticEditorFlags: 0
  m_IsActive: 0
--- !u!1 &1676910085628302
GameObject:
  m_ObjectHideFlags: 1
  m_PrefabParentObject: {fileID: 0}
  m_PrefabInternal: {fileID: 100100000}
  serializedVersion: 5
  m_Component:
  - component: {fileID: 4562476695695556}
  m_Layer: 0
  m_Name: Jump Direction
  m_TagString: Untagged
  m_Icon: {fileID: 0}
  m_NavMeshLayer: 0
  m_StaticEditorFlags: 0
  m_IsActive: 1
--- !u!1 &1908262039339632
GameObject:
  m_ObjectHideFlags: 0
  m_PrefabParentObject: {fileID: 0}
  m_PrefabInternal: {fileID: 100100000}
  serializedVersion: 5
  m_Component:
  - component: {fileID: 4784774603175680}
  - component: {fileID: 33471381639559290}
  - component: {fileID: 23824110206930156}
  - component: {fileID: 64017704706352424}
  m_Layer: 9
  m_Name: Art
  m_TagString: Untagged
  m_Icon: {fileID: 0}
  m_NavMeshLayer: 0
  m_StaticEditorFlags: 0
  m_IsActive: 1
--- !u!1 &1993818692548860
GameObject:
  m_ObjectHideFlags: 1
  m_PrefabParentObject: {fileID: 0}
  m_PrefabInternal: {fileID: 100100000}
  serializedVersion: 5
  m_Component:
  - component: {fileID: 4670095945361720}
  m_Layer: 0
  m_Name: Jump Direction
  m_TagString: Untagged
  m_Icon: {fileID: 0}
  m_NavMeshLayer: 0
  m_StaticEditorFlags: 0
  m_IsActive: 1
--- !u!4 &4081107438490572
Transform:
  m_ObjectHideFlags: 1
  m_PrefabParentObject: {fileID: 0}
  m_PrefabInternal: {fileID: 100100000}
  m_GameObject: {fileID: 1059016888687400}
  m_LocalRotation: {x: -0.000000004071808, y: -0.9999996, z: 0.00094266236, w: 0.00000011894362}
  m_LocalPosition: {x: 0, y: -0.6, z: 15.89}
  m_LocalScale: {x: 3.1895626, y: 3.189566, z: 4.191967}
  m_Children: []
  m_Father: {fileID: 4602294689386806}
  m_RootOrder: 2
  m_LocalEulerAnglesHint: {x: 0.108, y: -180.00002, z: 0}
--- !u!4 &4291134886605972
Transform:
  m_ObjectHideFlags: 1
  m_PrefabParentObject: {fileID: 0}
  m_PrefabInternal: {fileID: 100100000}
  m_GameObject: {fileID: 1346782090803874}
  m_LocalRotation: {x: -0.07410855, y: 0, z: 0, w: 0.9972502}
  m_LocalPosition: {x: 0, y: 1.74, z: 37.92}
  m_LocalScale: {x: 1, y: 1, z: 1}
  m_Children:
  - {fileID: 4562476695695556}
  - {fileID: 4868052517827670}
  m_Father: {fileID: 4602294689386806}
  m_RootOrder: 0
  m_LocalEulerAnglesHint: {x: -8.5, y: 0, z: 0}
--- !u!4 &4522014687744042
Transform:
  m_ObjectHideFlags: 1
  m_PrefabParentObject: {fileID: 0}
  m_PrefabInternal: {fileID: 100100000}
  m_GameObject: {fileID: 1523406523557688}
  m_LocalRotation: {x: -0.09640037, y: -2.7007374e-10, z: -0.0000000010080496, w: 0.9953427}
  m_LocalPosition: {x: -0, y: 4.48, z: 30.89}
  m_LocalScale: {x: 10, y: 6.5000005, z: 12.371452}
  m_Children:
  - {fileID: 4670095945361720}
  m_Father: {fileID: 4602294689386806}
  m_RootOrder: 3
  m_LocalEulerAnglesHint: {x: -11.064, y: 0, z: 0}
--- !u!4 &4562476695695556
Transform:
  m_ObjectHideFlags: 1
  m_PrefabParentObject: {fileID: 0}
  m_PrefabInternal: {fileID: 100100000}
  m_GameObject: {fileID: 1676910085628302}
  m_LocalRotation: {x: 0.2785905, y: -0, z: -0, w: -0.96041}
  m_LocalPosition: {x: -0, y: 0.04, z: 0.44}
  m_LocalScale: {x: 1, y: 1, z: 1}
  m_Children: []
  m_Father: {fileID: 4291134886605972}
  m_RootOrder: 0
  m_LocalEulerAnglesHint: {x: -32.34, y: 0, z: 0}
--- !u!4 &4602294689386806
Transform:
  m_ObjectHideFlags: 1
  m_PrefabParentObject: {fileID: 0}
  m_PrefabInternal: {fileID: 100100000}
  m_GameObject: {fileID: 1494076043061386}
  m_LocalRotation: {x: -0, y: -0, z: -0, w: 1}
  m_LocalPosition: {x: 20.97, y: -224.20001, z: 211.09985}
  m_LocalScale: {x: 0.7589435, y: 0.83171636, z: 0.83171624}
  m_Children:
  - {fileID: 4291134886605972}
  - {fileID: 4784774603175680}
  - {fileID: 4081107438490572}
  - {fileID: 4522014687744042}
  m_Father: {fileID: 0}
  m_RootOrder: 0
  m_LocalEulerAnglesHint: {x: 5.9480004, y: 0, z: 0}
--- !u!4 &4670095945361720
Transform:
  m_ObjectHideFlags: 1
  m_PrefabParentObject: {fileID: 0}
  m_PrefabInternal: {fileID: 100100000}
  m_GameObject: {fileID: 1993818692548860}
  m_LocalRotation: {x: 0.21094564, y: -5.4123372e-15, z: -3.5691936e-16, w: -0.9774978}
  m_LocalPosition: {x: -0, y: 0.04, z: 0.44}
  m_LocalScale: {x: 1, y: 1, z: 1}
  m_Children: []
  m_Father: {fileID: 4522014687744042}
  m_RootOrder: 0
  m_LocalEulerAnglesHint: {x: -24.356, y: 0, z: 0}
--- !u!4 &4784774603175680
Transform:
  m_ObjectHideFlags: 1
  m_PrefabParentObject: {fileID: 0}
  m_PrefabInternal: {fileID: 100100000}
  m_GameObject: {fileID: 1908262039339632}
  m_LocalRotation: {x: -0, y: -0, z: -0, w: 1}
  m_LocalPosition: {x: -0, y: 0.5553303, z: 22.190454}
  m_LocalScale: {x: 0.2, y: 0.2, z: 0.2}
  m_Children: []
  m_Father: {fileID: 4602294689386806}
  m_RootOrder: 1
  m_LocalEulerAnglesHint: {x: 0, y: 0, z: 0}
--- !u!4 &4868052517827670
Transform:
  m_ObjectHideFlags: 1
  m_PrefabParentObject: {fileID: 0}
  m_PrefabInternal: {fileID: 100100000}
  m_GameObject: {fileID: 1017584961614558}
  m_LocalRotation: {x: 0, y: 0, z: 0, w: 1}
  m_LocalPosition: {x: 0, y: 0.52, z: -11.84}
  m_LocalScale: {x: 1, y: 1, z: 1}
  m_Children: []
  m_Father: {fileID: 4291134886605972}
  m_RootOrder: 1
  m_LocalEulerAnglesHint: {x: 0, y: 0, z: 0}
--- !u!23 &23824110206930156
MeshRenderer:
  m_ObjectHideFlags: 1
  m_PrefabParentObject: {fileID: 0}
  m_PrefabInternal: {fileID: 100100000}
  m_GameObject: {fileID: 1908262039339632}
  m_Enabled: 1
  m_CastShadows: 1
  m_ReceiveShadows: 0
  m_DynamicOccludee: 1
  m_MotionVectors: 1
  m_LightProbeUsage: 1
  m_ReflectionProbeUsage: 1
  m_Materials:
  - {fileID: 2100000, guid: 5089f83013aae1b4fad7191396218dfd, type: 2}
  m_StaticBatchInfo:
    firstSubMesh: 0
    subMeshCount: 0
  m_StaticBatchRoot: {fileID: 0}
  m_ProbeAnchor: {fileID: 0}
  m_LightProbeVolumeOverride: {fileID: 0}
  m_ScaleInLightmap: 1
  m_PreserveUVs: 0
  m_IgnoreNormalsForChartDetection: 0
  m_ImportantGI: 0
  m_StitchLightmapSeams: 0
  m_SelectedEditorRenderState: 3
  m_MinimumChartSize: 4
  m_AutoUVMaxDistance: 0.5
  m_AutoUVMaxAngle: 89
  m_LightmapParameters: {fileID: 0}
  m_SortingLayerID: 0
  m_SortingLayer: 0
  m_SortingOrder: 0
--- !u!23 &23847340944164958
MeshRenderer:
  m_ObjectHideFlags: 1
  m_PrefabParentObject: {fileID: 0}
  m_PrefabInternal: {fileID: 100100000}
  m_GameObject: {fileID: 1059016888687400}
  m_Enabled: 1
  m_CastShadows: 1
  m_ReceiveShadows: 0
  m_DynamicOccludee: 1
  m_MotionVectors: 1
  m_LightProbeUsage: 1
  m_ReflectionProbeUsage: 1
  m_Materials:
  - {fileID: 2100000, guid: 9db5c185df52d1d40a2a39bb08fd3e55, type: 2}
  - {fileID: 2100000, guid: 85984099ff9ff764494615f978547156, type: 2}
  m_StaticBatchInfo:
    firstSubMesh: 0
    subMeshCount: 0
  m_StaticBatchRoot: {fileID: 0}
  m_ProbeAnchor: {fileID: 0}
  m_LightProbeVolumeOverride: {fileID: 0}
  m_ScaleInLightmap: 1
  m_PreserveUVs: 0
  m_IgnoreNormalsForChartDetection: 0
  m_ImportantGI: 0
  m_StitchLightmapSeams: 0
  m_SelectedEditorRenderState: 3
  m_MinimumChartSize: 4
  m_AutoUVMaxDistance: 0.5
  m_AutoUVMaxAngle: 89
  m_LightmapParameters: {fileID: 0}
  m_SortingLayerID: 0
  m_SortingLayer: 0
  m_SortingOrder: 0
--- !u!33 &33422661510413788
MeshFilter:
  m_ObjectHideFlags: 1
  m_PrefabParentObject: {fileID: 0}
  m_PrefabInternal: {fileID: 100100000}
  m_GameObject: {fileID: 1059016888687400}
  m_Mesh: {fileID: 4300000, guid: cd68d8e14815aa84f96cebde85c18b50, type: 3}
--- !u!33 &33471381639559290
MeshFilter:
  m_ObjectHideFlags: 1
  m_PrefabParentObject: {fileID: 0}
  m_PrefabInternal: {fileID: 100100000}
  m_GameObject: {fileID: 1908262039339632}
  m_Mesh: {fileID: 4300000, guid: fa296db2bd1768b45a8c799e97aac195, type: 3}
--- !u!64 &64017704706352424
MeshCollider:
  m_ObjectHideFlags: 1
  m_PrefabParentObject: {fileID: 0}
  m_PrefabInternal: {fileID: 100100000}
  m_GameObject: {fileID: 1908262039339632}
  m_Material: {fileID: 0}
  m_IsTrigger: 0
  m_Enabled: 1
  serializedVersion: 2
  m_Convex: 0
  m_InflateMesh: 0
  m_SkinWidth: 0.01
  m_Mesh: {fileID: 4300000, guid: fa296db2bd1768b45a8c799e97aac195, type: 3}
--- !u!64 &64408803836432968
MeshCollider:
  m_ObjectHideFlags: 1
  m_PrefabParentObject: {fileID: 0}
  m_PrefabInternal: {fileID: 100100000}
  m_GameObject: {fileID: 1059016888687400}
  m_Material: {fileID: 0}
  m_IsTrigger: 0
  m_Enabled: 1
  serializedVersion: 2
  m_Convex: 0
  m_InflateMesh: 0
  m_SkinWidth: 0.01
  m_Mesh: {fileID: 4300000, guid: cd68d8e14815aa84f96cebde85c18b50, type: 3}
--- !u!65 &65422358717965048
BoxCollider:
  m_ObjectHideFlags: 1
  m_PrefabParentObject: {fileID: 0}
  m_PrefabInternal: {fileID: 100100000}
  m_GameObject: {fileID: 1523406523557688}
  m_Material: {fileID: 0}
  m_IsTrigger: 1
  m_Enabled: 1
  serializedVersion: 2
  m_Size: {x: 1, y: 1, z: 1}
  m_Center: {x: 0, y: 0.5, z: 0}
--- !u!65 &65816250649044412
BoxCollider:
  m_ObjectHideFlags: 1
  m_PrefabParentObject: {fileID: 0}
  m_PrefabInternal: {fileID: 100100000}
  m_GameObject: {fileID: 1346782090803874}
  m_Material: {fileID: 0}
  m_IsTrigger: 1
  m_Enabled: 1
  serializedVersion: 2
  m_Size: {x: 9.834181, y: 5.7842064, z: 11.411468}
  m_Center: {x: -4.8722225e-15, y: 2.525003, z: 0.78864723}
--- !u!82 &82216125880898950
AudioSource:
  m_ObjectHideFlags: 1
  m_PrefabParentObject: {fileID: 0}
  m_PrefabInternal: {fileID: 100100000}
  m_GameObject: {fileID: 1346782090803874}
  m_Enabled: 1
  serializedVersion: 4
  OutputAudioMixerGroup: {fileID: 0}
  m_audioClip: {fileID: 0}
  m_PlayOnAwake: 0
  m_Volume: 1
  m_Pitch: 1
  Loop: 0
  Mute: 0
  Spatialize: 0
  SpatializePostEffects: 0
  Priority: 128
  DopplerLevel: 1
  MinDistance: 1
  MaxDistance: 500
  Pan2D: 0
  rolloffMode: 0
  BypassEffects: 0
  BypassListenerEffects: 0
  BypassReverbZones: 0
  rolloffCustomCurve:
    serializedVersion: 2
    m_Curve:
    - serializedVersion: 2
      time: 0
      value: 1
      inSlope: 0
      outSlope: 0
      tangentMode: 0
    - serializedVersion: 2
      time: 1
      value: 0
      inSlope: 0
      outSlope: 0
      tangentMode: 0
    m_PreInfinity: 2
    m_PostInfinity: 2
    m_RotationOrder: 4
  panLevelCustomCurve:
    serializedVersion: 2
    m_Curve:
    - serializedVersion: 2
      time: 0
      value: 0
      inSlope: 0
      outSlope: 0
      tangentMode: 0
    m_PreInfinity: 2
    m_PostInfinity: 2
    m_RotationOrder: 0
  spreadCustomCurve:
    serializedVersion: 2
    m_Curve:
    - serializedVersion: 2
      time: 0
      value: 0
      inSlope: 0
      outSlope: 0
      tangentMode: 0
    m_PreInfinity: 2
    m_PostInfinity: 2
    m_RotationOrder: 4
  reverbZoneMixCustomCurve:
    serializedVersion: 2
    m_Curve:
    - serializedVersion: 2
      time: 0
      value: 1
      inSlope: 0
      outSlope: 0
      tangentMode: 0
    m_PreInfinity: 2
    m_PostInfinity: 2
    m_RotationOrder: 0
  m_ExtensionPropertyValues: []
--- !u!82 &82805807476133990
AudioSource:
  m_ObjectHideFlags: 1
  m_PrefabParentObject: {fileID: 0}
  m_PrefabInternal: {fileID: 100100000}
  m_GameObject: {fileID: 1523406523557688}
  m_Enabled: 1
  serializedVersion: 4
  OutputAudioMixerGroup: {fileID: 0}
  m_audioClip: {fileID: 0}
  m_PlayOnAwake: 0
  m_Volume: 1
  m_Pitch: 1
  Loop: 0
  Mute: 0
  Spatialize: 0
  SpatializePostEffects: 0
  Priority: 128
  DopplerLevel: 1
  MinDistance: 1
  MaxDistance: 500
  Pan2D: 0
  rolloffMode: 0
  BypassEffects: 0
  BypassListenerEffects: 0
  BypassReverbZones: 0
  rolloffCustomCurve:
    serializedVersion: 2
    m_Curve:
    - serializedVersion: 2
      time: 0
      value: 1
      inSlope: 0
      outSlope: 0
      tangentMode: 0
    - serializedVersion: 2
      time: 1
      value: 0
      inSlope: 0
      outSlope: 0
      tangentMode: 0
    m_PreInfinity: 2
    m_PostInfinity: 2
    m_RotationOrder: 4
  panLevelCustomCurve:
    serializedVersion: 2
    m_Curve:
    - serializedVersion: 2
      time: 0
      value: 0
      inSlope: 0
      outSlope: 0
      tangentMode: 0
    m_PreInfinity: 2
    m_PostInfinity: 2
    m_RotationOrder: 0
  spreadCustomCurve:
    serializedVersion: 2
    m_Curve:
    - serializedVersion: 2
      time: 0
      value: 0
      inSlope: 0
      outSlope: 0
      tangentMode: 0
    m_PreInfinity: 2
    m_PostInfinity: 2
    m_RotationOrder: 4
  reverbZoneMixCustomCurve:
    serializedVersion: 2
    m_Curve:
    - serializedVersion: 2
      time: 0
      value: 1
      inSlope: 0
      outSlope: 0
      tangentMode: 0
    m_PreInfinity: 2
    m_PostInfinity: 2
    m_RotationOrder: 0
  m_ExtensionPropertyValues: []
--- !u!114 &114182829140723468
MonoBehaviour:
  m_ObjectHideFlags: 1
  m_PrefabParentObject: {fileID: 0}
  m_PrefabInternal: {fileID: 100100000}
  m_GameObject: {fileID: 1494076043061386}
  m_Enabled: 1
  m_EditorHideFlags: 0
  m_Script: {fileID: 11500000, guid: 95b5f866411971a468b57087d221606a, type: 3}
  m_Name: 
  m_EditorClassIdentifier: 
  _cols:
  - {fileID: 65816250649044412}
  - {fileID: 64017704706352424}
  - {fileID: 64408803836432968}
  - {fileID: 65422358717965048}
--- !u!114 &114241748211549380
MonoBehaviour:
  m_ObjectHideFlags: 1
  m_PrefabParentObject: {fileID: 0}
  m_PrefabInternal: {fileID: 100100000}
  m_GameObject: {fileID: 1523406523557688}
  m_Enabled: 1
  m_EditorHideFlags: 0
  m_Script: {fileID: 11500000, guid: 5b4ac9e75b945bc4da6be40af924c852, type: 3}
  m_Name: 
  m_EditorClassIdentifier: 
  _deltaHeadUpdateAlpha: 0.2
  _deltaHeadUpToBoost:
    serializedVersion: 2
    m_Curve:
    - serializedVersion: 2
      time: -0.32999998
      value: -0.50003743
      inSlope: 1.9147618
      outSlope: 1.9147618
      tangentMode: 0
    - serializedVersion: 2
      time: 0.018772226
      value: 0.018449735
      inSlope: 0.42568612
      outSlope: 0.42568612
      tangentMode: 0
    - serializedVersion: 2
      time: 1
      value: 1
      inSlope: 2.0831943
      outSlope: 2.0831943
      tangentMode: 0
    m_PreInfinity: 2
    m_PostInfinity: 2
    m_RotationOrder: 0
  _deltaHeadMaxDistance: 3
  _boostAmount: 50
  _dragAmount: -4
  _dragDuration: 7
  _boostDirection: {fileID: 4670095945361720}
  _jumpStartPosition: {fileID: 0}
  _niceJumpAudio:
    _source: {fileID: 82805807476133990}
    _delay: 0
    _forcedSpatialize3D: 0
    _loop: 0
    _clip: {fileID: 8300000, guid: 7419206d6c12f1f4eb3827f463c8c46e, type: 3}
    _clips: []
  _goodJumpAudio:
    _source: {fileID: 82805807476133990}
    _delay: 0
    _forcedSpatialize3D: 0
    _loop: 0
    _clip: {fileID: 8300000, guid: 0554f508ca3c24741925b385f4717af1, type: 3}
    _clips: []
  showDebug: 0
--- !u!114 &114408250254015856
MonoBehaviour:
  m_ObjectHideFlags: 1
  m_PrefabParentObject: {fileID: 0}
  m_PrefabInternal: {fileID: 100100000}
  m_GameObject: {fileID: 1494076043061386}
  m_Enabled: 1
  m_EditorHideFlags: 0
  m_Script: {fileID: 11500000, guid: f4dfb15cba096d645b8d255fd5fc6b0e, type: 3}
  m_Name: 
  m_EditorClassIdentifier: 
  _poolId: -1
  _prefabType: 27
--- !u!114 &114413431410117522
MonoBehaviour:
  m_ObjectHideFlags: 1
  m_PrefabParentObject: {fileID: 0}
  m_PrefabInternal: {fileID: 100100000}
  m_GameObject: {fileID: 1494076043061386}
  m_Enabled: 1
  m_EditorHideFlags: 0
  m_Script: {fileID: 11500000, guid: 3717957f33b1587459dcd605cd3b42ab, type: 3}
  m_Name: 
  m_EditorClassIdentifier: 
  _renderers:
  - {fileID: 23824110206930156}
--- !u!114 &114864985216408570
MonoBehaviour:
  m_ObjectHideFlags: 1
  m_PrefabParentObject: {fileID: 0}
  m_PrefabInternal: {fileID: 100100000}
  m_GameObject: {fileID: 1346782090803874}
  m_Enabled: 1
  m_EditorHideFlags: 0
  m_Script: {fileID: 11500000, guid: 5b4ac9e75b945bc4da6be40af924c852, type: 3}
  m_Name: 
  m_EditorClassIdentifier: 
  _deltaHeadUpdateAlpha: 0.2
  _deltaHeadUpToBoost:
    serializedVersion: 2
    m_Curve:
    - serializedVersion: 2
      time: -0.32999998
      value: -0.50003743
      inSlope: 1.9147618
      outSlope: 1.9147618
      tangentMode: 0
    - serializedVersion: 2
      time: 0.018772226
      value: 0.018449735
      inSlope: 0.42568612
      outSlope: 0.42568612
      tangentMode: 0
    - serializedVersion: 2
      time: 1
      value: 1
      inSlope: 2.0831943
      outSlope: 2.0831943
      tangentMode: 0
    m_PreInfinity: 2
    m_PostInfinity: 2
    m_RotationOrder: 0
  _deltaHeadMaxDistance: 3
  _boostAmount: 50
  _dragAmount: -4
  _dragDuration: 7
  _boostDirection: {fileID: 4562476695695556}
  _jumpStartPosition: {fileID: 4868052517827670}
  _niceJumpAudio:
    _source: {fileID: 82216125880898950}
    _delay: 0
    _forcedSpatialize3D: 0
    _loop: 0
    _clip: {fileID: 8300000, guid: 7419206d6c12f1f4eb3827f463c8c46e, type: 3}
    _clips: []
  _goodJumpAudio:
    _source: {fileID: 82216125880898950}
    _delay: 0
    _forcedSpatialize3D: 0
    _loop: 0
    _clip: {fileID: 8300000, guid: 0554f508ca3c24741925b385f4717af1, type: 3}
    _clips: []
  showDebug: 0
