%YAML 1.1
%TAG !u! tag:unity3d.com,2011:
--- !u!1001 &100100000
Prefab:
  m_ObjectHideFlags: 1
  serializedVersion: 2
  m_Modification:
    m_TransformParent: {fileID: 0}
    m_Modifications: []
    m_RemovedComponents: []
  m_ParentPrefab: {fileID: 0}
  m_RootGameObject: {fileID: 1399366475775908}
  m_IsPrefabParent: 1
--- !u!1 &1399366475775908
GameObject:
  m_ObjectHideFlags: 0
  m_PrefabParentObject: {fileID: 0}
  m_PrefabInternal: {fileID: 100100000}
  serializedVersion: 5
  m_Component:
  - component: {fileID: 4965774264037358}
  - component: {fileID: 33365131177489086}
  - component: {fileID: 23255664375820988}
  - component: {fileID: 64378059671606038}
  - component: {fileID: 114578482261726314}
  - component: {fileID: 114626813917327222}
  - component: {fileID: 114673513047721800}
  - component: {fileID: 114405559777848618}
  m_Layer: 9
  m_Name: SnowPile Thicc
  m_TagString: Untagged
  m_Icon: {fileID: 0}
  m_NavMeshLayer: 0
  m_StaticEditorFlags: 0
  m_IsActive: 1
--- !u!4 &4965774264037358
Transform:
  m_ObjectHideFlags: 1
  m_PrefabParentObject: {fileID: 0}
  m_PrefabInternal: {fileID: 100100000}
  m_GameObject: {fileID: 1399366475775908}
  m_LocalRotation: {x: -0, y: 0.486584, z: -0, w: 0.87363386}
  m_LocalPosition: {x: 70.43, y: -64.65, z: -25.82}
  m_LocalScale: {x: 0.26202303, y: 0.11042219, z: 0.19802633}
  m_Children: []
  m_Father: {fileID: 0}
  m_RootOrder: 0
  m_LocalEulerAnglesHint: {x: 0, y: 58.233, z: 0}
--- !u!23 &23255664375820988
MeshRenderer:
  m_ObjectHideFlags: 1
  m_PrefabParentObject: {fileID: 0}
  m_PrefabInternal: {fileID: 100100000}
  m_GameObject: {fileID: 1399366475775908}
  m_Enabled: 1
  m_CastShadows: 0
  m_ReceiveShadows: 1
  m_DynamicOccludee: 1
  m_MotionVectors: 1
  m_LightProbeUsage: 1
  m_ReflectionProbeUsage: 1
  m_Materials:
  - {fileID: 2100000, guid: 9db5c185df52d1d40a2a39bb08fd3e55, type: 2}
  - {fileID: 2100000, guid: 9db5c185df52d1d40a2a39bb08fd3e55, type: 2}
  m_StaticBatchInfo:
    firstSubMesh: 0
    subMeshCount: 0
  m_StaticBatchRoot: {fileID: 0}
  m_ProbeAnchor: {fileID: 0}
  m_LightProbeVolumeOverride: {fileID: 0}
  m_ScaleInLightmap: 1
  m_PreserveUVs: 0
  m_IgnoreNormalsForChartDetection: 0
  m_ImportantGI: 0
  m_StitchLightmapSeams: 0
  m_SelectedEditorRenderState: 3
  m_MinimumChartSize: 4
  m_AutoUVMaxDistance: 0.5
  m_AutoUVMaxAngle: 89
  m_LightmapParameters: {fileID: 0}
  m_SortingLayerID: 0
  m_SortingLayer: 0
  m_SortingOrder: 0
--- !u!33 &33365131177489086
MeshFilter:
  m_ObjectHideFlags: 1
  m_PrefabParentObject: {fileID: 0}
  m_PrefabInternal: {fileID: 100100000}
  m_GameObject: {fileID: 1399366475775908}
  m_Mesh: {fileID: 4300000, guid: 34aebef19e527c24c8c5bf168fa97e7a, type: 3}
--- !u!64 &64378059671606038
MeshCollider:
  m_ObjectHideFlags: 1
  m_PrefabParentObject: {fileID: 0}
  m_PrefabInternal: {fileID: 100100000}
  m_GameObject: {fileID: 1399366475775908}
  m_Material: {fileID: 0}
  m_IsTrigger: 0
  m_Enabled: 1
  serializedVersion: 2
  m_Convex: 0
  m_InflateMesh: 1
  m_SkinWidth: 0.03
  m_Mesh: {fileID: 4300000, guid: 34aebef19e527c24c8c5bf168fa97e7a, type: 3}
--- !u!114 &114405559777848618
MonoBehaviour:
  m_ObjectHideFlags: 1
  m_PrefabParentObject: {fileID: 0}
  m_PrefabInternal: {fileID: 100100000}
  m_GameObject: {fileID: 1399366475775908}
  m_Enabled: 1
  m_EditorHideFlags: 0
  m_Script: {fileID: 11500000, guid: 95b5f866411971a468b57087d221606a, type: 3}
  m_Name: 
  m_EditorClassIdentifier: 
  _cols:
  - {fileID: 64378059671606038}
--- !u!114 &114578482261726314
MonoBehaviour:
  m_ObjectHideFlags: 1
  m_PrefabParentObject: {fileID: 0}
  m_PrefabInternal: {fileID: 100100000}
  m_GameObject: {fileID: 1399366475775908}
  m_Enabled: 1
  m_EditorHideFlags: 0
  m_Script: {fileID: 11500000, guid: f4dfb15cba096d645b8d255fd5fc6b0e, type: 3}
  m_Name: 
  m_EditorClassIdentifier: 
  _poolId: -1
  _prefabType: 47
--- !u!114 &114626813917327222
MonoBehaviour:
  m_ObjectHideFlags: 1
  m_PrefabParentObject: {fileID: 0}
  m_PrefabInternal: {fileID: 100100000}
  m_GameObject: {fileID: 1399366475775908}
  m_Enabled: 1
  m_EditorHideFlags: 0
  m_Script: {fileID: 11500000, guid: a091a5bfdd5ab854b9ce3d63fcaabe1d, type: 3}
  m_Name: 
  m_EditorClassIdentifier: 
  _cols:
  - {fileID: 64378059671606038}
--- !u!114 &114673513047721800
MonoBehaviour:
  m_ObjectHideFlags: 1
  m_PrefabParentObject: {fileID: 0}
  m_PrefabInternal: {fileID: 100100000}
  m_GameObject: {fileID: 1399366475775908}
  m_Enabled: 1
  m_EditorHideFlags: 0
  m_Script: {fileID: 11500000, guid: 229d87de3a5da6b46bef639fba0bab6e, type: 3}
  m_Name: 
  m_EditorClassIdentifier: 
  _renderer: {fileID: 23255664375820988}
